@article{floyd1962algorithm,
	title={Algorithm 97: shortest path},
	author={Floyd, Robert W},
	journal={Communications of the ACM},
	volume={5},
	number={6},
	pages={345},
	year={1962},
	publisher={ACM}
}
@article{tenenbaum2000global,
	title={A global geometric framework for nonlinear dimensionality reduction},
	author={Tenenbaum, Joshua B and De Silva, Vin and Langford, John C},
	journal={science},
	volume={290},
	number={5500},
	pages={2319--2323},
	year={2000},
	publisher={American Association for the Advancement of Science}
}